<collection xmlns="http://www.loc.gov/MARC21/slim">
<record>
  <leader>02151nam0a22003971i 450 </leader>
  <controlfield tag="001">IT\ICCU\CNCE\034307</controlfield>
  <controlfield tag="005">20071212000000.0</controlfield>
  <datafield tag="012" ind1=" " ind2=" ">
    <subfield code="a">nao- o-no urca nutr (3) 1551 (R)</subfield>
    <subfield code="2">fei</subfield>
  </datafield>
  <datafield tag="100" ind1=" " ind2=" ">
    <subfield code="a">19971230d1551        0itac0103    ba</subfield>
  </datafield>
  <datafield tag="101" ind1=" " ind2=" ">
    <subfield code="a">LAT</subfield>
  </datafield>
  <datafield tag="102" ind1=" " ind2=" ">
    <subfield code="a">IT</subfield>
  </datafield>
  <datafield tag="200" ind1="1" ind2=" ">
    <subfield code="a">Capitula Regni Siciliae cum glosis do. Neapolitani Sebastiani Neapolitani, do. Lucae de Penna, et do. Nicolai de Neapoli, nouiter correcta, ac diligenti castigatione emendata</subfield>
  </datafield>
  <datafield tag="210" ind1=" " ind2=" ">
    <subfield code="a">Neapoli</subfield>
    <subfield code="c">apud Ioannem Paulum Sugganappum. In platea Armeriorum</subfield>
    <subfield code="d">1551</subfield>
  </datafield>
  <datafield tag="215" ind1=" " ind2=" ">
    <subfield code="a">94 \i.e. 84! p.</subfield>
    <subfield code="d">fol</subfield>
  </datafield>
  <datafield tag="300" ind1=" " ind2=" ">
    <subfield code="a">Eliminata perch ̈ ̈la 2 pt. della CNC34312</subfield>
  </datafield>
  <datafield tag="620" ind1=" " ind2=" ">
    <subfield code="a">IT</subfield>
    <subfield code="d">Napoli</subfield>
  </datafield>
  <datafield tag="710" ind1="0" ind2="2">
    <subfield code="a">Sicilia</subfield>
    <subfield code="c"> &lt;Regno&gt;</subfield>
    <subfield code="3">IT\ICCU\CNCA\006798</subfield>
  </datafield>
  <datafield tag="702" ind1=" " ind2="0">
    <subfield code="a"></subfield>
    <subfield code="c"> : da#Napoli</subfield>
    <subfield code="3">IT\ICCU\CNCA\024180</subfield>
  </datafield>
  <datafield tag="702" ind1=" " ind2="1">
    <subfield code="a">Napodano,</subfield>
    <subfield code="b">Sebastiano</subfield>
    <subfield code="3">IT\ICCU\CNCA\004425</subfield>
  </datafield>
  <datafield tag="702" ind1=" " ind2="0">
    <subfield code="a">Luca</subfield>
    <subfield code="c"> : da#Penne</subfield>
    <subfield code="3">IT\ICCU\CNCA\004427</subfield>
  </datafield>
  <datafield tag="712" ind1="0" ind2="0">
    <subfield code="a">Suganappo, Giovanni Paolo</subfield>
    <subfield code="3">IT\ICCU\CNCT\000922</subfield>
    <subfield code="4">650</subfield>
  </datafield>
  <datafield tag="790" ind1=" " ind2="0">
    <subfield code="a">Sebastianus</subfield>
    <subfield code="c"> : de#Neapoli</subfield>
    <subfield code="3">IT\ICCU\CNCA\004753</subfield>
    <subfield code="z">Napodano, Sebastiano</subfield>
  </datafield>
  <datafield tag="790" ind1=" " ind2="1">
    <subfield code="a">Napolitano,</subfield>
    <subfield code="b">Sebastiano</subfield>
    <subfield code="3">IT\ICCU\CNCA\018615</subfield>
    <subfield code="z">Napodano, Sebastiano</subfield>
  </datafield>
  <datafield tag="790" ind1=" " ind2="1">
    <subfield code="a">Sebastiani,</subfield>
    <subfield code="b">Napoletano</subfield>
    <subfield code="3">IT\ICCU\CNCA\022324</subfield>
    <subfield code="z">Napodano, Sebastiano</subfield>
  </datafield>
  <datafield tag="790" ind1=" " ind2="1">
    <subfield code="a">Penna,</subfield>
    <subfield code="b">Lucas : de</subfield>
    <subfield code="3">IT\ICCU\CNCA\004755</subfield>
    <subfield code="z">Luca : da#Penne</subfield>
  </datafield>
  <datafield tag="790" ind1=" " ind2="1">
    <subfield code="a">Penna,</subfield>
    <subfield code="b">Luca : de</subfield>
    <subfield code="3">IT\ICCU\CNCA\019600</subfield>
    <subfield code="z">Luca : da#Penne</subfield>
  </datafield>
  <datafield tag="791" ind1="0" ind2="0">
    <subfield code="a">Sugganappo, Giovanni Paolo</subfield>
    <subfield code="3">IT\ICCU\CNCT\005756</subfield>
    <subfield code="z">Suganappo, Giovanni Paolo</subfield>
  </datafield>
  <datafield tag="791" ind1="0" ind2="0">
    <subfield code="a">Suganappus, Ioannes Paulus</subfield>
    <subfield code="3">IT\ICCU\CNCT\005757</subfield>
    <subfield code="z">Suganappo, Giovanni Paolo</subfield>
  </datafield>
  <datafield tag="791" ind1="0" ind2="0">
    <subfield code="a">Sugganappus, Ioannes Paulus</subfield>
    <subfield code="3">IT\ICCU\CNCT\005758</subfield>
    <subfield code="z">Suganappo, Giovanni Paolo</subfield>
  </datafield>
  <datafield tag="791" ind1="0" ind2="0">
    <subfield code="a">Suganappis, Ioannes Paulus de</subfield>
    <subfield code="3">IT\ICCU\CNCT\005759</subfield>
    <subfield code="z">Suganappo, Giovanni Paolo</subfield>
  </datafield>
  <datafield tag="801" ind1=" " ind2="3">
    <subfield code="a">IT</subfield>
    <subfield code="b">ICCU</subfield>
    <subfield code="c">20201114</subfield>
  </datafield>
  <datafield tag="899" ind1=" " ind2=" ">
    <subfield code="a">Biblioteca comunale Giovanni Bovio. Trani</subfield>
    <subfield code="1">BA0124</subfield>
    <subfield code="2">BAT 01</subfield>
  </datafield>
  <datafield tag="899" ind1=" " ind2=" ">
    <subfield code="a">Biblioteca Apostolica Vaticana. Citt ̉del Vaticano</subfield>
    <subfield code="1">EX0001</subfield>
    <subfield code="2">ZCV 01</subfield>
  </datafield>
  <datafield tag="899" ind1=" " ind2=" ">
    <subfield code="a">Biblioteca comunale Mozzi-Borgetti. Macerata</subfield>
    <subfield code="1">MC0049</subfield>
    <subfield code="2">UMC CM</subfield>
  </datafield>
  <datafield tag="899" ind1=" " ind2=" ">
    <subfield code="a">Biblioteca della Societ ̉napoletana di storia patria. Napoli</subfield>
    <subfield code="1">NA0097</subfield>
    <subfield code="2">NAP SP</subfield>
  </datafield>
  <datafield tag="899" ind1=" " ind2=" ">
    <subfield code="a">Biblioteca comunale Canonico Aniello Avallone. Cava dei Tirreni</subfield>
    <subfield code="1">SA0091</subfield>
    <subfield code="2">CAM S8</subfield>
  </datafield>
</record>
</collection>
